<?xml version="1.0" encoding="utf-8"?>
<record xmlns="http://www.loc.gov/MARC21/slim" xmlns:xsi="http://www.w3.org/2001/XMLSchema-instance" xsi:schemaLocation="http://www.loc.gov/MARC21/slim http://www.loc.gov/standards/marcxml/schema/MARC21slim.xsd">
	<leader>
		02851nam a2200457   4500
	</leader>
	<controlfield tag="001">
		001467770
	</controlfield>
	<controlfield tag="003">
		NNU
	</controlfield>
	<controlfield tag="006">
		m        d        
	</controlfield>
	<controlfield tag="007">
		cr cn |||m|||a
	</controlfield>
	<controlfield tag="008">
		160201s1952    mr fh   obc   000 0 arax 
	</controlfield>
	<datafield ind1=" " ind2=" " tag="040">
		<subfield code="a">
			NNU
		</subfield>
		<subfield code="b">
			eng
		</subfield>
		<subfield code="e">
			rda
		</subfield>
		<subfield code="c">
			NNU
		</subfield>
	</datafield>
	<datafield ind1=" " ind2=" " tag="043">
		<subfield code="a">
			f-mr---
		</subfield>
		<subfield code="a">
			f------
		</subfield>
	</datafield>
	<datafield ind1=" " ind2="4" tag="050">
		<subfield code="a">
			Z965
		</subfield>
		<subfield code="b">
			.T46 1952
		</subfield>
	</datafield>
	<datafield ind1="1" ind2=" " tag="110">
		<subfield code="6">
			880-01
		</subfield>
		<subfield code="a">
			Tétouan (Morocco).
		</subfield>
		<subfield code="b">
			al-Maktabah al-ʻĀmmah.
		</subfield>
	</datafield>
	<datafield ind1="1" ind2="0" tag="245">
		<subfield code="6">
			880-02
		</subfield>
		<subfield code="a">
			Fihris al-muʼallifīn wa-al-ʻanāwīn lil-kutub al-ʻArabīyah al-mawjūdah bi-al-Maktabah al-ʻĀmmah lil-Ḥimāyah,
		</subfield>
		<subfield code="c">
			min waḍʻ Aḥmad Muḥammad al-Miknāsī.
		</subfield>
	</datafield>
	<datafield ind1=" " ind2=" " tag="260">
		<subfield code="6">
			880-03
		</subfield>
		<subfield code="a">
			Tiṭwān,
		</subfield>
		<subfield code="c">
			Dār al-Ṭibāʻah al-Maghribīyah,
		</subfield>
		<subfield code="c">
			1952.
		</subfield>
	</datafield>
	<datafield ind1=" " ind2=" " tag="300">
		<subfield code="a">
			online resource (603 pages) :
		</subfield>
		<subfield code="b">
			plates, facsimiles
		</subfield>
	</datafield>
	<datafield ind1=" " ind2=" " tag="336">
		<subfield code="a">
			text
		</subfield>
		<subfield code="2">
			rdacontent
		</subfield>
	</datafield>
	<datafield ind1=" " ind2=" " tag="337">
		<subfield code="a">
			computer
		</subfield>
		<subfield code="2">
			rdamedia
		</subfield>
	</datafield>
	<datafield ind1=" " ind2=" " tag="338">
		<subfield code="a">
			online resource
		</subfield>
		<subfield code="2">
			rdacarrier
		</subfield>
	</datafield>
	<datafield ind1=" " ind2=" " tag="500">
		<subfield code="a">
			In Arabic.
		</subfield>
	</datafield>
	<datafield ind1=" " ind2=" " tag="500">
		<subfield code="a">
			At head of title: al-Iqāmah al-ʻĀmmah li-Isbānyā bi-al-Maghrib. Niyābat al-Tarbiyah wa-al-Thaqāfah. Mudīrīyat al-Maḥāfiẓ wa-al-Makātib lil-Ḥimāyah.
		</subfield>
	</datafield>
	<datafield ind1=" " ind2=" " tag="500">
		<subfield code="a">
			Part of the Arabic Collections Online (ACO) project, contributed by New York Univeristy Libraries.
		</subfield>
	</datafield>
	<datafield ind1=" " ind2=" " tag="500">
		<subfield code="a">
			In Arabic.
		</subfield>
	</datafield>
	<datafield ind1=" " ind2=" " tag="500">
		<subfield code="a">
			Added t.p.: Catálogo de autores y titulos de la Biblioteca General del Protectorado (Sección Árabe) redactado por Ahmed Mohammed Mekinasi.
		</subfield>
	</datafield>
	<datafield ind1=" " ind2=" " tag="533">
		<subfield code="a">
			Electronic reproduction.
		</subfield>
		<subfield code="b">
			New York, N.Y. :
		</subfield>
		<subfield code="c">
			New York University,
		</subfield>
		<subfield code="d">
			2016.
		</subfield>
		<subfield code="5">
			NNU
		</subfield>
	</datafield>
	<datafield ind1=" " ind2="0" tag="651">
		<subfield code="a">
			Africa
		</subfield>
		<subfield code="v">
			Bibliography
		</subfield>
		<subfield code="v">
			Catalogs.
		</subfield>
	</datafield>
	<datafield ind1="2" ind2="0" tag="610">
		<subfield code="a">
			Biblioteca General del Protectorado (Morocco)
		</subfield>
		<subfield code="v">
			Catalogs.
		</subfield>
	</datafield>
	<datafield ind1=" " ind2="0" tag="650">
		<subfield code="a">
			Islam
		</subfield>
		<subfield code="v">
			Bibliography
		</subfield>
		<subfield code="v">
			Catalogs.
		</subfield>
	</datafield>
	<datafield ind1="1" ind2=" " tag="700">
		<subfield code="6">
			880-04
		</subfield>
		<subfield code="a">
			Miknāsī, Aḥmad Muḥammad.
		</subfield>
	</datafield>
	<datafield ind1="2" ind2=" " tag="710">
		<subfield code="a">
			New York University.
		</subfield>
		<subfield code="b">
			Libraries.
		</subfield>
	</datafield>
	<datafield ind1="0" ind2=" " tag="730">
		<subfield code="a">
			Arabic Collections Online.
		</subfield>
	</datafield>
	<datafield ind1="0" ind2="8" tag="776">
		<subfield code="i">
			Online version:
		</subfield>
		<subfield code="a">
			Tétouan (Morocco). al-Maktabah al-ʻĀmmah.
		</subfield>
		<subfield code="t">
			Fihris al-muʼallifīn wa-al-ʻanāwīn lil-kutub al-ʻArabīyah al-mawjūdah bi-al-Maktabah al-ʻĀmmah lil-Ḥimāyah.
		</subfield>
		<subfield code="d">
			Tiṭwān, Dār al-Ṭibāʻah al-Maghribīyah, 1952
		</subfield>
		<subfield code="w">
			(OCoLC)605738104
		</subfield>
	</datafield>
	<datafield ind1="0" ind2="8" tag="776">
		<subfield code="i">
			Print version:
		</subfield>
		<subfield code="a">
			Tétouan (Morocco). al-Maktabah al-ʻĀmmah.
		</subfield>
		<subfield code="t">
			Fihris al-muʼallifīn wa-al-ʻanāwīn lil-kutub al-ʻArabīyah al-mawjūdah bi-al-Maktabah al-ʻĀmmah lil-Ḥimāyah
		</subfield>
		<subfield code="w">
			(NNU)001467770
		</subfield>
		<subfield code="w">
			(DLC)   59039755
		</subfield>
	</datafield>
	<datafield ind1="4" ind2="0" tag="856">
		<subfield code="u">
			http://hdl.handle.net/2333.1/3r2283k6
		</subfield>
	</datafield>
	<datafield ind1="2" ind2=" " tag="880">
		<subfield code="6">
			110-01/
		</subfield>
		<subfield code="a">
			تطوان.
		</subfield>
		<subfield code="b">
			المكتبة العامة.
		</subfield>
	</datafield>
	<datafield ind1="1" ind2="0" tag="880">
		<subfield code="6">
			245-02/
		</subfield>
		<subfield code="a">
			فهرس المؤلفين والعناوين للكتب العربية الموجودة بالمكتبة العامة للحماية /
		</subfield>
		<subfield code="c">
			من وضع احمد محمد المكناسي.
		</subfield>
	</datafield>
	<datafield ind1=" " ind2=" " tag="880">
		<subfield code="6">
			260-03/
		</subfield>
		<subfield code="a">
			تطوان :
		</subfield>
		<subfield code="b">
			دار الطباعة المغربية،
		</subfield>
		<subfield code="c">
			١٩٥٢.
		</subfield>
	</datafield>
	<datafield ind1="1" ind2=" " tag="880">
		<subfield code="6">
			700-04/
		</subfield>
		<subfield code="a">
			مكناسي، احمد محمد.
		</subfield>
	</datafield>
	<datafield ind1=" " ind2=" " tag="959">
		<subfield code="a">
			NNU
		</subfield>
		<subfield code="b">
			WEB
		</subfield>
		<subfield code="c">
			GENI
		</subfield>
		<subfield code="t">
			0
		</subfield>
		<subfield code="m">
			Electronic access
		</subfield>
		<subfield code="s">
			01
		</subfield>
	</datafield>
	<datafield ind1=" " ind2=" " tag="999">
		<subfield code="i">
			NNU_001467770
		</subfield>
		<subfield code="s">
			nyu_aco001618
		</subfield>
	</datafield>
</record>
